@book{lee2012,
author = "Lee, John M.",
title = "Introduction to Smooth Manifolds",
publisher = "Springer Science+Business Media",
year = "2012"
}

@book{lima1985,
	author = "Lima, Elon Lages",
	title = "Curso de Análise",
	volume = "2",
	edition = "Segunda",
	publisher = "Conselho Nacional de Desenvolvimento Científico y Tecnológico",
	year = "1985"
}

@book{montiel2009,
	author = "Montiel, Sebastián and Ros, Antonio",
	title = "Curves and Surfaces",
	edition = "Second",
	publisher = "American Mathematical Society",
	year = "2009"
}